@book{
	a,
	author = {},
	title = {},
	edition = {},
	publisher = {},
	year = {}
}

@article{
	b,
	author = {},
	title = {},
	journal = {},
	year = {}
}

@article{
	suzuki,
	author = {Satoshi Suzuki, Keiichia Be},
	title = {Topological structural analysis of digitized binary images by border following},
	journal = {Computer Vision, Graphics, and Image Processing 30, 32-46},
	year = {1985}
}